<?xml version="1.0" encoding="UTF-8"?><collection xmlns="http://www.loc.gov/MARC21/slim"><record><leader>00342nam--2200133-i-4500</leader><controlfield tag="001">000044187</controlfield><controlfield tag="002">20161230</controlfield><controlfield tag="005">20161230201044</controlfield><controlfield tag="008">060222s1000------------r-----000-0-eng-d</controlfield><datafield ind1=" " ind2=" " tag="080"><subfield code="a">669.018</subfield></datafield><datafield ind1=" " ind2=" " tag="100"><subfield code="a">Pulsifer, Harry B</subfield></datafield><datafield ind1=" " ind2=" " tag="245"><subfield code="a">Inspection of metals</subfield></datafield><datafield ind1=" " ind2=" " tag="260"><subfield code="a">Cleveland, Ohio. The American Society For Metals, 1941, 253p</subfield></datafield><datafield ind1=" " ind2=" " tag="852"><subfield code="a">5127</subfield></datafield></record></collection>